<record><leader>00000cas a2200000 a 4500</leader><controlfield tag="001">9425497</controlfield><controlfield tag="008">830419c19349999ilumr ne      0   a0grexc</controlfield><datafield ind1=" " ind2=" " tag="010"><subfield code="a">sn 83045235 </subfield><subfield code="z">sn 87000546 </subfield></datafield><datafield ind1=" " ind2=" " tag="040"><subfield code="a">CRL</subfield><subfield code="b">eng</subfield><subfield code="c">CRL</subfield><subfield code="d">NPW</subfield><subfield code="d">NSD</subfield><subfield code="d">NPW</subfield><subfield code="d">NSD</subfield><subfield code="d">OCL</subfield><subfield code="d">DLC</subfield><subfield code="d">CRL</subfield><subfield code="d">NSD</subfield><subfield code="d">NST</subfield><subfield code="d">NYS</subfield><subfield code="d">NVF</subfield><subfield code="d">CNW</subfield><subfield code="d">NVF</subfield><subfield code="d">CVF</subfield><subfield code="d">OCL</subfield><subfield code="d">DLC</subfield><subfield code="d">CVF</subfield><subfield code="d">CRL</subfield><subfield code="d">DLC</subfield><subfield code="d">OCLCQ</subfield><subfield code="d">DLC</subfield><subfield code="d">OCLCQ</subfield><subfield code="d">OCLCF</subfield><subfield code="d">NVF</subfield><subfield code="d">OCLCO</subfield><subfield code="d">OCL</subfield></datafield><datafield ind1=" " ind2=" " tag="019"><subfield code="a">15668336</subfield></datafield><datafield ind1="1" ind2=" " tag="022"><subfield code="a">0745-9645</subfield><subfield code="l">0745-9645</subfield><subfield code="2">1</subfield></datafield><datafield ind1=" " ind2=" " tag="032"><subfield code="a">227920</subfield><subfield code="b">USPS</subfield></datafield><datafield ind1=" " ind2=" " tag="037"><subfield code="b">Greek Press, 104 Central Ave., P.O. Box 399, Tarrytown, NY 10591</subfield></datafield><datafield ind1="0" ind2=" " tag="041"><subfield code="a">gre</subfield><subfield code="a">eng</subfield></datafield><datafield ind1=" " ind2=" " tag="042"><subfield code="a">pcc</subfield><subfield code="a">nsdp</subfield></datafield><datafield ind1=" " ind2=" " tag="043"><subfield code="a">n-us-il</subfield></datafield><datafield ind1="0" ind2="0" tag="050"><subfield code="a">Newspaper</subfield></datafield><datafield ind1=" " ind2="0" tag="222"><subfield code="a">Greek press</subfield></datafield><datafield ind1="0" ind2="0" tag="245"><subfield code="a">Helle&#772;nikos typos</subfield></datafield><datafield ind1="1" ind2="1" tag="246"><subfield code="a">Saloniki-Greek press</subfield></datafield><datafield ind1="1" ind2=" " tag="246"><subfield code="i">English title varies:</subfield><subfield code="a">Greek press</subfield><subfield code="f">Apr. 1949-</subfield></datafield><datafield ind1="1" ind2="7" tag="246"><subfield code="a">Thessalonike&#772; helle&#772;n. typos</subfield><subfield code="f">&lt;Jan.&gt;-Mar. 1941</subfield></datafield><datafield ind1="1" ind2="7" tag="246"><subfield code="a">Thessalonike&#772; helln&#772;ikos typos</subfield><subfield code="f">Apr. 1941-Mar. 1949</subfield></datafield><datafield ind1="3" ind2=" " tag="246"><subfield code="a">Saloniki Greek press</subfield></datafield><datafield ind1=" " ind2=" " tag="260"><subfield code="a">Chicago [Ill.] :</subfield><subfield code="b">Greek Press Pub. Co.</subfield></datafield><datafield ind1="2" ind2=" " tag="260"><subfield code="3">&lt;June 3, 1983&gt;-</subfield><subfield code="a">Chicago [Ill.] :</subfield><subfield code="b">National Greek Press Pub. Co.</subfield></datafield><datafield ind1="2" ind2=" " tag="260"><subfield code="3">&lt;Mar. 29, 1987&gt;-</subfield><subfield code="a">Tarrytown, NY :</subfield><subfield code="b">National Greek Press Corp.</subfield></datafield><datafield ind1="3" ind2=" " tag="260"><subfield code="3">&lt;Feb. 15, 2004&gt;-</subfield><subfield code="a">Wood Dale, Ill. :</subfield><subfield code="b">National Greek Press Pub. Co.</subfield></datafield><datafield ind1=" " ind2=" " tag="300"><subfield code="a">v.</subfield></datafield><datafield ind1=" " ind2=" " tag="310"><subfield code="a">Monthly</subfield></datafield><datafield ind1=" " ind2=" " tag="321"><subfield code="a">Semimonthly (except Aug.),</subfield><subfield code="b">Jan. 1, 1995-Mar. 14, 2004</subfield></datafield><datafield ind1=" " ind2=" " tag="321"><subfield code="a">Weekly,</subfield><subfield code="b">&lt;Mar. 31, 1932&gt;-Mar. 1982</subfield></datafield><datafield ind1=" " ind2=" " tag="321"><subfield code="a">Biweekly,</subfield><subfield code="b">Apr. 1982-Dec. 18, 1994</subfield></datafield><datafield ind1="1" ind2=" " tag="362"><subfield code="a">Began in 1934.</subfield></datafield><datafield ind1=" " ind2=" " tag="515"><subfield code="a">Numbering is irregular.</subfield></datafield><datafield ind1="8" ind2=" " tag="521"><subfield code="a">"A Greek and American weekly."</subfield></datafield><datafield ind1=" " ind2=" " tag="530"><subfield code="a">Available on microfilm;</subfield><subfield code="b">Library of Congress, Photoduplication Service, and the Center for Research Libraries.</subfield></datafield><datafield ind1=" " ind2=" " tag="546"><subfield code="a">In Greek and English, &lt;1932&gt;- ; in English, &lt;Mar. 29, 1987&gt;-</subfield></datafield><datafield ind1=" " ind2=" " tag="588"><subfield code="a">Description based on: Vol. 21, no. 1199 (O&#769;kt., 1934).</subfield></datafield><datafield ind1=" " ind2=" " tag="588"><subfield code="a">Latest issue consulted: Year 93, no. 8 (Aug. 2004).</subfield></datafield><datafield ind1=" " ind2="0" tag="650"><subfield code="a">Greek Americans</subfield><subfield code="z">United States</subfield><subfield code="v">Newspapers.</subfield></datafield><datafield ind1=" " ind2="7" tag="650"><subfield code="a">Greek Americans.</subfield><subfield code="2">fast</subfield><subfield code="0">(OCoLC)fst00947109</subfield></datafield><datafield ind1=" " ind2="7" tag="651"><subfield code="a">United States</subfield><subfield code="2">fast</subfield><subfield code="0">(OCoLC)fst01204155</subfield></datafield><datafield ind1=" " ind2="7" tag="655"><subfield code="a">Newspapers.</subfield><subfield code="2">fast</subfield><subfield code="0">(OCoLC)fst01423814</subfield></datafield><datafield ind1=" " ind2=" " tag="752"><subfield code="a">United States</subfield><subfield code="b">Illinois</subfield><subfield code="c">Cook</subfield><subfield code="d">Chicago.</subfield></datafield><datafield ind1=" " ind2=" " tag="752"><subfield code="a">United States</subfield><subfield code="b">New York</subfield><subfield code="c">Westchester</subfield><subfield code="d">Tarrytown.</subfield></datafield><datafield ind1=" " ind2=" " tag="752"><subfield code="a">United States</subfield><subfield code="b">Illinois</subfield><subfield code="c">DuPage</subfield><subfield code="d">Wood Dale.</subfield></datafield><datafield ind1="0" ind2="0" tag="780"><subfield code="t">Thessalonike&#772;</subfield><subfield code="w">(DLC)sn 83045469</subfield><subfield code="w">(OCoLC)9472674</subfield></datafield><datafield ind1="1" ind2=" " tag="029"><subfield code="a">AU@</subfield><subfield code="b">000020266178</subfield></datafield></record>